 

@article{bik1995,
  title = "Advanced Compiler Optimizations for Sparse Computations",
  journal = "Journal of Parallel and Distributed Computing",
  volume = "31",
  number = "1",
  pages = "14 - 24",
  year = "1995",
  issn = "0743-7315",
  doi = "https://doi.org/10.1006/jpdc.1995.1141",
  url = "http://www.sciencedirect.com/science/article/pii/S0743731585711410",
  author = "A.J.C. Bik and H.A.G. Wijshoff"
}

@article{bik1996,
  author = {A. J. C. {Bik} and H. A. G. {Wijshoff}},
  journal = {IEEE Transactions on Parallel and Distributed Systems},
  title = {Automatic data structure selection and transformation for sparse matrix computations},
  year = {1996},
  volume = {7},
  number = {2},
  pages = {109-126},
  keywords = {data structures;sparse matrices;optimising compilers;data structure selection;sparse matrix computations;compiler optimization;sparse programs;complexity;sparse computations;Data structures;Sparse matrices;Optimizing compilers;Program processors;Delay;Programming profession;Bandwidth;Computer science;Runtime},
  doi = {10.1109/71.485501},
  ISSN = {1045-9219},
  month = {Feb},
}

@misc{eigenweb2010,
  author = {Ga\"{e}l Guennebaud and Beno\^{i}t Jacob and others},
  title = {Eigen v3},
  howpublished = {http://eigen.tuxfamily.org},
  year = {2010}
}

@inproceedings{kotlyar1997,
  author="Kotlyar, Vladimir
  and Pingali, Keshav
  and Stodghill, Paul",
  editor="Lengauer, Christian
  and Griebl, Martin
  and Gorlatch, Sergei",
  title="A relational approach to the compilation of sparse matrix programs",
  booktitle="Euro-Par'97 Parallel Processing",
  year="1997",
  publisher="Springer Berlin Heidelberg",
  address="Berlin, Heidelberg",
  pages="318--327",
  isbn="978-3-540-69549-3"
}

@misc{petsc2019,
  author = {Satish Balay and Shrirang Abhyankar and Mark~F. Adams and Jed Brown and Peter Brune and Kris Buschelman and Lisandro Dalcin and Alp Dener and VictorEijkhout and William~D. Gropp and Dmitry Karpeyev and Dinesh Kaushik and Matthew~G. Knepley and Dave~A. May and Lois Curfman McInnes and Richard Tran Mills and Todd Munson and Karl Rupp and Patrick Sanan and Barry~F. Smith and Stefano Zampini and Hong Zhang and Hong Zhang}, 
  title = {{PETS}c {W}eb page}, 
  url = {https://www.mcs.anl.gov/petsc}, 
  howpublished = {\url{https://www.mcs.anl.gov/petsc}}, 
  year = {2019} 
}

@book{woodcock1996,
  author = {Woodcock, Jim},
  title = {Using Z : specification, refinement, and proof},
  publisher = {Prentice Hall},
  year = {1996},
  address = {London New York},
  isbn = {9780139484728}
}