                  
@misc{ce339,
author={{CE 339}},
title={{Civil Engineering Systems, Department of Civil, Construction, and Environmental Engineering, North Carolina State University}},
year={\mbox{}}
}

@inproceedings{altuntas2017,
 author = {Altuntas, Alper and Baugh, John},
 title = {Verifying Concurrency in an Adaptive Ocean Circulation Model},
 booktitle = {Proceedings of the First International Workshop on Software Correctness for {HPC} Applications},
 series = {Correctness'17},
 year = {2017},
 isbn = {978-1-4503-5127-0},
 location = {Denver, CO, USA},
 pages = {1--7},
 numpages = {7},
 note = {\url{http://doi.acm.org/10.1145/3145344.3145346}},
 doi = {10.1145/3145344.3145346},
 acmid = {3145346},
 publisher = {ACM},
 address = {New York, NY, USA},
 keywords = {Scientific computing, concurrency, finite element analysis, hurricane storm surge, model checking},
} 
                  
@article{altuntas2017asm,
title = "Adaptive subdomain modeling: A multi-analysis technique for ocean circulation models",
journal = "Ocean Modelling",
volume = "115",
pages = "86--104",
year = "2017",
issn = "1463-5003",
doi = "https://doi.org/10.1016/j.ocemod.2017.05.009",
note = {\url{https://doi.org/10.1016/j.ocemod.2017.05.009}},
author = "Alper Altuntas and John Baugh",
keywords = "Storm surge, Adaptive algorithm, Subdomain modeling, Moving boundaries, ADCIRC"
}

@inproceedings{arnold2010,
  title={Specifying and verifying sparse matrix codes},
  author={Arnold, Gilad and H{\"o}lzl, Johannes and K{\"o}ksal, Ali Sinan and Bod{\'\i}k, Rastislav and Sagiv, Mooly},
  booktitle={ACM Sigplan Notices},
  volume={45},
  number={9},
  pages={249--260},
  year={2010},
  organization={ACM}
}

@incollection{balay1997,
  title={Efficient management of parallelism in object-oriented numerical software libraries},
  author={Balay, Satish and Gropp, William D and McInnes, Lois Curfman and Smith, Barry F},
  booktitle={Modern software tools for scientific computing},
  pages={163--202},
  year={1997},
  publisher={Springer}
}

@inproceedings{ball2001,
 author = {Ball, Thomas and Rajamani, Sriram K.},
 title = {The {SLAM} Toolkit},
 booktitle = {Proceedings of the 13th International Conference on Computer Aided Verification},
 series = {CAV '01},
 year = {2001},
 isbn = {3-540-42345-1},
 pages = {260--264},
 numpages = {5},
 url = {http://dl.acm.org/citation.cfm?id=647770.734113},
 acmid = {734113},
 publisher = {Springer-Verlag},
 address = {London, UK, UK},
} 
                  
@article{baudet1978,
  title={Asynchronous iterative methods for multiprocessors},
  author={Baudet, G{\'e}rard M},
  journal={Journal of the ACM (JACM)},
  volume={25},
  number={2},
  pages={226--244},
  year={1978},
  publisher={ACM}
}

@article{baugh1992,
  title={Data abstraction in engineering software development},
  author={Baugh, John W and Rehak, Daniel R},
  journal={Journal of Computing in Civil Engineering},
  volume={6},
  number={3},
  pages={282--301},
  year={1992},
  note={\url{https://doi.org/10.1061/(ASCE)0887-3801(1992)6:3(282)}},
  publisher={American Society of Civil Engineers}
}

@article{baugh1992b,
  title={Using formal methods to specify the functional properties of engineering software},
  author={Baugh, John W},
  journal={Computers \& Structures},
  volume={45},
  number={3},
  pages={557--570},
  year={1992},
  note={\url{https://doi.org/10.1016/0045-7949(92)90440-B}},
  publisher={Elsevier}
}

@article{baugh2001,
  title={Discrete element modelling on a cluster of workstations},
  author={Baugh, John W and Konduri, R K S},
  journal={Engineering with Computers},
  volume={17},
  number={1},
  pages={1--15},
  year={2001},
  publisher={Springer}
}

@article{baugh2015,
  title={An exact reanalysis technique for storm surge and tides in a geographic region of interest},
  author={Baugh, John and Altuntas, Alper and Dyer, Tristan and Simon, Jason},
  journal={Coastal Engineering},
  volume={97},
  pages={60--77},
  year={2015},
  publisher={Elsevier},
  note={\url{https://doi.org/10.1016/j.coastaleng.2014.12.003}}
}

@inproceedings{baugh2016,
author="Baugh, John
and Altuntas, Alper",
title="Modeling a Discrete Wet-Dry Algorithm for Hurricane Storm Surge in {Alloy}",
bookTitle="Abstract State Machines, Alloy, B, TLA, VDM, and Z: 5th International Conference, ABZ 2016, Linz, Austria, May 23-27, 2016, Proceedings",
year="2016",
publisher="Springer International Publishing",
address="Cham",
pages="256--261",
isbn="978-3-319-33600-8",
doi="10.1007/978-3-319-33600-8_18",
note="\url{https://doi.org/10.1007/978-3-319-33600-8_18}"
}

@article{baugh2016hc,
  title={A general characterization of the {Hardy Cross} method as sequential and multiprocess algorithms},
  author={Baugh, John and Liu, Shu},
  journal={Structures},
  volume={6},
  pages={170--181},
  year={2016},
  note={\url{http://dx.doi.org/10.1016/j.istruc.2016.03.004}},
  organization={Elsevier}
}

@article{baugh2017,
title = "Formal methods and finite element analysis of hurricane storm surge: A case study in software verification",
journal = "Science of Computer Programming",
year = "2017",
issn = "0167-6423",
note = "\url{https://doi.org/10.1016/j.scico.2017.08.012}",
url = "http://www.sciencedirect.com/science/article/pii/S0167642317301715",
author = "John Baugh and Alper Altuntas",
keywords = "Formal methods, Model checking, Scientific computing, Earth and atmospheric sciences"
}

@book{bentley1982,
  title={Writing Efficient Programs},
  author={Bentley, Jon Louis},
  year={1982},
  publisher={Prentice-Hall, Inc.}
}

@article{berezin1998,
  title={Compositional reasoning in model checking},
  author={Berezin, Sergey and Campos, S{\'e}rgio and Clarke, Edmund M},
  journal={Lecture Notes in Computer Science},
  volume={1536},
  pages={81--102},
  year={1998},
  publisher={Springer}
}
                  
@article{bertsekas1983,
  title={Distributed asynchronous computation of fixed points},
  author={Bertsekas, Dimitri P},
  journal={Mathematical Programming},
  volume={27},
  number={1},
  pages={107--120},
  year={1983},
  publisher={Springer}
}

@article{bientinesi2005,
  title={The science of deriving dense linear algebra algorithms},
  author={Bientinesi, Paolo and Gunnels, John A and Myers, Margaret E and Quintana-Ort{\'\i}, Enrique S and Geijn, Robert A},
  journal={ACM Transactions on Mathematical Software (TOMS)},
  volume={31},
  number={1},
  pages={1--26},
  year={2005},
  publisher={ACM}
}

@article{carver2009,
  title={Report: The Second International Workshop on Software Engineering for {CSE}},
  author={Carver, Jeffrey C},
  journal={Computing in Science \& Engineering},
  volume={11},
  number={6},
  pages={14--19},
  year={2009},
  publisher={IEEE}
}

@article{chadha1996,
  title={Network-distributed finite element analysis},
  author={Chadha, Harpreet S and Baugh, John W},
  journal={Advances in Engineering Software},
  volume={25},
  number={2-3},
  pages={267--280},
  year={1996},
  note={\url{https://doi.org/10.1016/0965-9978(95)00095-X}},
  publisher={Elsevier}
}

@article{chadha1999,
  title={Formal specification of concurrent systems},
  author={Chadha, Harpreet S and Baugh, John W and Wing, Jeannette M},
  journal={Advances in Engineering Software},
  volume={30},
  number={3},
  pages={211--224},
  year={1999},
  note={\url{https://doi.org/10.1016/S0965-9978(98)00058-1}},
  publisher={Elsevier}
}

@article{clarke1994,
  title={Model checking and abstraction},
  author={Clarke, Edmund M and Grumberg, Orna and Long, David E},
  journal={ACM Transactions on Programming Languages and Systems (TOPLAS)},
  volume={16},
  number={5},
  pages={1512--1542},
  year={1994},
  publisher={ACM}
}

@article{clarke1996,
  title={Formal methods: State of the art and future directions},
  author={Clarke, Edmund M and Wing, Jeannette M},
  journal={ACM Computing Surveys (CSUR)},
  volume={28},
  number={4},
  pages={626--643},
  year={1996},
  publisher={ACM}
}

@article{clarke2003,
  title={Counterexample-guided abstraction refinement for symbolic model checking},
  author={Clarke, Edmund and Grumberg, Orna and Jha, Somesh and Lu, Yuan and Veith, Helmut},
  journal={Journal of the ACM (JACM)},
  volume={50},
  number={5},
  pages={752--794},
  year={2003},
  publisher={ACM}
}

@article{cleaveland1993,
  title={{The Concurrency Workbench:} A semantics-based tool for the verification of concurrent systems},
  author={Cleaveland, Rance and Parrow, Joachim and Steffen, Bernhard},
  journal={ACM Transactions on Programming Languages and Systems (TOPLAS)},
  volume={15},
  number={1},
  pages={36--72},
  year={1993},
  publisher={ACM}
}

@article{cross1930,
  title={Analysis of continuous frames by distributing fixed-end moments},
  author={Cross, Hardy},
  journal={Proceedings of the American Society of Civil Engineers},
  pages={919--928},
  year={1930}
}

@inproceedings{deoliveira2013,
  title={Practical formal correctness checking of million-core problem solving environments for {HPC}},
  author={De Oliveira, Diego Caminha B and Rakamari{\'c}, Zvonimir and Gopalakrishnan, Ganesh and Humphrey, Alan and Meng, Qingyu and Berzins, Martin},
  booktitle={Proceedings of the 5th International Workshop on Software Engineering for Computational Science and Engineering},
  pages={75--83},
  year={2013},
  organization={IEEE Press}
}

@inproceedings{dingel1995,
author="Dingel, J{\"u}rgen
and Filkorn, Thomas",
title="Model checking for infinite state systems using data abstraction, assumption-commitment style reasoning and theorem proving",
booktitle="Computer Aided Verification: 7th International Conference, CAV '95 Li{\`e}ge, Belgium, July 3--5, 1995 Proceedings",
year="1995",
publisher="Springer Berlin Heidelberg",
address="Berlin, Heidelberg",
pages="54--69",
isbn="978-3-540-49413-3",
doi="10.1007/3-540-60045-0_40",
url="https://doi.org/10.1007/3-540-60045-0_40"
}

@article{faulk2009,
  title={Scientific computing's productivity gridlock: How software engineering can help},
  author={Faulk, Stuart and Loh, Eugene and Van De Vanter, Michael L and Squires, Susan and Votta, Lawrence G},
  journal={Computing in Science \& Engineering},
  volume={11},
  number={6},
  pages={30--39},
  year={2009},
  publisher={IEEE}
}

@techreport{fema2008,
  author={{FEMA}},
  title={{FEMA:} {Flood Insurance Study:} {Southeastern Parishes,
  Louisiana,} {Intermediate Submission 2:} {Offshore Water Levels and
  Waves}},
  institution={U.S. Army Corps of Engineers, New Orleans District},
  year={2008}
}

@article{fenves1990,
  title={Object-oriented programming for engineering software development},
  author={Fenves, Gregory L},
  journal={Engineering with Computers},
  volume={6},
  number={1},
  pages={1--15},
  year={1990},
  publisher={Springer}
}

@inproceedings{gammaitoni2014,
 author = {Gammaitoni, Lo\"{\i}c and Kelsen, Pierre},
 title = {Domain-Specific Visualization of {Alloy} Instances},
 booktitle = {Proceedings of the 4th International Conference on Abstract State Machines, Alloy, B, TLA, VDM, and Z - Volume 8477},
 series = {ABZ 2014},
 year = {2014},
 isbn = {978-3-662-43651-6},
 location = {Toulouse, France},
 pages = {324--327},
 numpages = {4},
 url = {http://dx.doi.org/10.1007/978-3-662-43652-3_33},
 doi = {10.1007/978-3-662-43652-3_33},
 acmid = {2961201},
 publisher = {Springer-Verlag},
 address = {New York, NY, USA},
} 

@inproceedings{graf1997,
  title={Construction of abstract state graphs with {PVS}},
  author={Graf, Susanne and Sa{\"\i}di, Hassen},
  booktitle={International Conference on Computer Aided Verification},
  pages={72--83},
  year={1997},
  organization={Springer}
}

@article{graham2017,
  title={A Measure-Theoretic Algorithm for Estimating Bottom Friction in a Coastal Inlet: {Case} Study of {Bay St.~Louis} during {Hurricane Gustav} (2008)},
  author={Graham, Lindley and Butler, Troy and Walsh, Scott and Dawson, Clint and Westerink, Joannes J},
  journal={Monthly Weather Review},
  volume={145},
  number={3},
  pages={929--954},
  year={2017}
}

@book{guttag1985,
  title={Larch in five easy pieces},
  author={Guttag, John and Horning, James J and Wing, Jeannette Marie},
  year={1985},
  publisher={Digital Equipment Corporation, Systems Research Center}
}

@techreport{hanson2013,
  author  = {J. L. Hanson and H.M. Wadman and B. Blanton and H. Roberts},
  title   = {{Coastal Storm Surge Analysis: Modeling System Validation.
    Report 4: Intermediate Submission No.~2.0 (No.~ERDC/CHL-TR-11-1)}},
  institution  = {U.S. Army Engineering Research and Development Center},
  year         = 2013,
  address      = {Kitty Hawk, NC, 2013}
}

@article{hatton1994,
  title={How accurate is scientific software?},
  author={Hatton, Les and Roberts, Andy},
  journal={IEEE Transactions on Software Engineering},
  volume={20},
  number={10},
  pages={785--797},
  year={1994},
  publisher={IEEE}
}

@article{hatton2007,
  title={The chimera of software quality},
  author={Hatton, Les},
  journal={Computer},
  volume={40},
  number={8},
  year={2007},
  publisher={IEEE}
}

@inproceedings{hook2009,
  title={Testing for trustworthiness in scientific software},
  author={Hook, Daniel and Kelly, Diane},
  booktitle={Proceedings of the 2009 ICSE Workshop on Software Engineering for Computational Science and Engineering},
  pages={59--64},
  year={2009},
  organization={IEEE Computer Society}
}

@book{holzmann2003,
  title={The Spin Model Checker: Primer and Reference Manual},
  author={Holzmann, Gerard},
  year={2003},
  publisher={Addison-Wesley Professional}
}

@article{jackson1996,
  title={Elements of style: Analyzing a software design feature with a counterexample detector},
  author={Jackson, Daniel and Damon, Craig A},
  journal={IEEE Transactions on Software Engineering},
  volume={22},
  number={7},
  pages={484--495},
  year={1996},
  publisher={IEEE}
}

@article{jackson1996b,
author={Daniel Jackson and Jeannette Wing},
journal={Computer},
title={Lightweight Formal Methods},
year={1996},
volume={29},
number={4},
pages={21},
month={April},
}

@incollection{jackson2003,
 author = {Jackson, Daniel},
 title = {Object Models As Heap Invariants},
 booktitle = {Programming Methodology},
 year = {2003},
 isbn = {0-387-95349-3},
 pages = {247--268},
 numpages = {22},
 url = {http://dl.acm.org/citation.cfm?id=766951.766964},
 acmid = {766964},
 publisher = {Springer-Verlag New York, Inc.},
 address = {New York, NY, USA},
} 
                  
@book{jackson2012,
 author = {Jackson, Daniel},
 title = {Software Abstractions: Logic, Language, and Analysis},
 year = {2012},
 publisher = {The MIT Press},
}

@article{kelly2007,
  title={A software chasm: Software engineering and scientific computing},
  author={Kelly, Diane F},
  journal={IEEE Software},
  volume={24},
  number={6},
  year={2007},
  publisher={IEEE}
}

@article{kirk2006,
  title={{libMesh}: a {C++} library for parallel adaptive mesh refinement/coarsening simulations},
  author={Kirk, Benjamin S and Peterson, John W and Stogner, Roy H and Carey, Graham F},
  journal={Engineering with Computers},
  volume={22},
  number={3-4},
  pages={237--254},
  year={2006},
  publisher={Springer}
}

@inproceedings{kluyver2016,
  title={{Jupyter Notebooks}-a publishing format for reproducible computational workflows},
  author={Kluyver, Thomas and Ragan-Kelley, Benjamin and P{\'e}rez, Fernando and Granger, Brian E and Bussonnier, Matthias and Frederic, Jonathan and Kelley, Kyle and Hamrick, Jessica B and Grout, Jason and Corlay, Sylvain and others},
  booktitle={Positioning and Power in Academic Publishing: Players, Agents and Agendas},
  pages={87--90},
  year={2016},
  publisher={IOS Press}
}

@article{knuth1984,
  title={Literate programming},
  author={Knuth, Donald Ervin},
  journal={The Computer Journal},
  volume={27},
  number={2},
  pages={97--111},
  year={1984},
  publisher={Oxford University Press}
}

@book{lamport2002,
  title={Specifying Systems: The {TLA+} Language and Tools for Hardware and Software Engineers},
  author={Lamport, Leslie},
  year={2002},
  publisher={Addison-Wesley Longman Publishing Co., Inc.}
}

@inproceedings{liskov1974,
  title={Programming with abstract data types},
  author={Liskov, Barbara and Zilles, Stephen},
  booktitle={ACM Sigplan Notices},
  volume={9},
  number={4},
  pages={50--59},
  year={1974},
  organization={ACM}
}

@article{lopez1977,
  title={{FINITE: An} approach to structural mechanics systems},
  author={Lopez, L A},
  journal={International Journal for Numerical Methods in Engineering},
  volume={11},
  number={5},
  pages={851--866},
  year={1977},
  publisher={Wiley Online Library}
}

@techreport{luettich1992,
  author  = {Luettich, R.~A. and Westerink, Jr, J.~J. and Scheffner, N.~W.}, 
  title   = {{ADCIRC: An} advanced three-dimensional circulation model for
shelves, coasts and estuaries, {Report 1: Theory} and methodology of
{ADCIRC-2DDI} and {ADCIRC-3DL}},
  institution  = {Dredging Research Program},
  year         = 1992,
  number       = {DRP-92-6},
  address      = {U.S.~Army Engineers Waterways Experiment Station,
Vicksburg, MS},
}

@article{mackie1992,
  title={Object oriented programming of the finite element method},
  author={Mackie, RI},
  journal={International Journal for Numerical Methods in Engineering},
  volume={35},
  number={2},
  pages={425--436},
  year={1992},
  publisher={Wiley Online Library}
}

@book{magee2006,
  title={Concurrency: State Models and Java Programs},
  author={Magee, Jeff and Kramer, Jeff},
  edition={2nd},  
  year={2006},
  publisher={Wiley}
}

@article{mcmillan1999,
  title={Verification of infinite state systems by compositional model checking},
  author={McMillan, Kenneth},
  journal={Correct Hardware Design and Verification Methods},
  pages={705--705},
  year={1999},
  publisher={Springer}
}

@inproceedings{milicevic2014,
 author = {Milicevic, Aleksandar and Efrati, Ido and Jackson, Daniel},
 title = {{$\alpha$}{Rby}---{An} Embedding of {Alloy} in {Ruby}},
 booktitle = {Proceedings of the 4th International Conference on Abstract State Machines, Alloy, B, TLA, VDM, and Z - Volume 8477},
 series = {ABZ 2014},
 year = {2014},
 isbn = {978-3-662-43651-6},
 location = {Toulouse, France},
 pages = {56--71},
 numpages = {16},
 url = {http://dx.doi.org/10.1007/978-3-662-43652-3_5},
 doi = {10.1007/978-3-662-43652-3_5},
 acmid = {2961173},
 publisher = {Springer-Verlag New York, Inc.},
 address = {New York, NY, USA},
} 

@inproceedings{nelson2017,
  title={The power of why and why not: enriching scenario exploration with provenance},
  author={Nelson, Tim and Danas, Natasha and Dougherty, Daniel J and Krishnamurthi, Shriram},
  booktitle={Proceedings of the 2017 11th Joint Meeting on Foundations of Software Engineering},
  pages={106--116},
  year={2017},
  organization={ACM}
}

@inproceedings{newcombe2014,
 author = {Newcombe, Chris},
 title = {Why {Amazon} Chose {TLA+}},
 booktitle = {Proceedings of the 4th International Conference on Abstract State Machines, Alloy, B, TLA, VDM, and Z - Volume 8477},
 series = {ABZ 2014},
 year = {2014},
 isbn = {978-3-662-43651-6},
 location = {Toulouse, France},
 pages = {25--39},
 numpages = {15},
 note = {\url{http://dx.doi.org/10.1007/978-3-662-43652-3_3}},
 doi = {10.1007/978-3-662-43652-3_3},
 acmid = {2961171},
 publisher = {Springer-Verlag New York, Inc.},
 address = {New York, NY, USA},
} 

@article{norman1999,
  title={Affordance, conventions, and design},
  author={Norman, Donald A},
  journal={interactions},
  volume={6},
  number={3},
  pages={38--43},
  year={1999},
  publisher={ACM}
}

@article{parnas1972,
  title={On the criteria to be used in decomposing systems into modules},
  author={Parnas, David Lorge},
  journal={Communications of the ACM},
  volume={15},
  number={12},
  pages={1053--1058},
  year={1972},
  publisher={ACm}
}

@article{pfleeger1997,
  title={Investigating the influence of formal methods},
  author={Pfleeger, Shari Lawrence and Hatton, Les},
  journal={Computer},
  volume={30},
  number={2},
  pages={33--43},
  year={1997},
  publisher={IEEE}
}
                 
@inproceedings{post2004,
  title={The coming crisis in computational science},
  author={Post, Douglass E},
  booktitle={Proceedings of the IEEE International Conference on High Performance Computer Architecture: Workshop on Productivity and Performance in High-End Computing, Madrid, Spain},
  pages={35},
  year={2004}
}
                  
@book{roscoe2010,
  title={Understanding Concurrent Systems},
  author={Roscoe, Andrew William},
  year={2010},
  publisher={Springer Science \& Business Media}
}

@article{sanders2008,
  title={Dealing with risk in scientific software development},
  author={Sanders, Rebecca and Kelly, Diane},
  journal={IEEE Software},
  volume={25},
  number={4},
  year={2008},
  publisher={IEEE}
}

@book{schrage1991,
  title={{LINDO:} An Optimization Modeling System},
  author={Schrage, Linus},
  edition={Fourth},
  year={1991},
  publisher={The Scientific Press},
}

@article{siegel2008,
  title={Combining symbolic execution with model checking to verify parallel numerical programs},
  author={Siegel, Stephen F and Mironova, Anastasia and Avrunin, George S and Clarke, Lori A},
  journal={ACM Transactions on Software Engineering and Methodology (TOSEM)},
  volume={17},
  number={2},
  pages={10},
  year={2008},
  publisher={ACM}
}

@incollection{sheng2012,
  title={A Regional Testbed for Storm Surge and Coastal Inundation Models---{An} Overview},
  author={Sheng, Y Peter and Davis, Justin R and Figueiredo, Renato and Liu, Bin and Liu, Huiqing and Luettich, Rick and Paramygin, Vladimir A and Weaver, Robert and Weisberg, Robert and Xie, Lian and Zheng, Lianyuan},
  booktitle={Proceedings of the 12th International
  Conference on Estuarine and Coastal Modeling},
  pages={476--495},
  year={2012},
  publisher={ASCE}
}

@article{stark1984,
title = "Experience with the development and use of a {CAD/CAM} system",
journal = "Computers in Industry",
volume = "5",
number = "1",
pages = "41--50",
year = "1984",
issn = "0166-3615",
doi = "https://doi.org/10.1016/0166-3615(84)90036-8",
url = "http://www.sciencedirect.com/science/article/pii/0166361584900368",
author = "J. Stark",
keywords = "CAD, CAm, free-Form surface modelling, NC machining, finite-element mesh generation, Systrid"
}

@article{storer2017,
  title={Bridging the Chasm: A Survey of Software Engineering Practice in Scientific Programming},
  author={Storer, Tim},
  journal={ACM Computing Surveys (CSUR)},
  volume={50},
  number={4},
  pages={47},
  year={2017},
  publisher={ACM}
}

@incollection{tang1997,
  title={Discrete Meso-Element Modeling of Shock Processes in Powders},
  author={Tang, Z P and Horie, Y and Psakhie, S G},
  booktitle={High-Pressure Shock Compression of Solids IV},
  pages={143--175},
  year={1997},
  publisher={Springer}
}

@inproceedings{umarji2009,
  title={Software engineering education for bioinformatics},
  author={Umarji, Medha and Seaman, Carolyn and Koru, A Gunes and Liu, Hongfang},
  booktitle={Software Engineering Education and Training, 2009. CSEET'09. 22nd Conference on},
  pages={216--223},
  year={2009},
  organization={IEEE}
}

@techreport{usace2009,
  author={{USACE}},
  title={{Performance Evaluation of the New Orleans and Southeast Louisiana
    Hurricane Protection System, Volume I---Executive Summary and Overview.
    Final Report of the Interagency Performance Evaluation Task Force}},
  institution={U.S.~Army Corps of Engineers},
  address={Washington, DC},
  year={2009}
}

@techreport{usace2014,
  author={{USACE}},
  title={{Elevations for Design of Hurricane
  Protection Levees and Structures, Lake Pontchartrain and Vicinity,
  West Bank and Vicinity, New Orleans to Venice, Louisiana Project.
  Report Version 2.0}},
  institution={U.S.~Army Corps of Engineers},
  address={New Orleans District},
  year={2014}
}

@inproceedings{vanledden2012,
  title={Highlights of {Dutch} and {US} coastal graduation projects in the {Mississippi Delta} after {Hurricane Katrina}},
  author={{van Ledden}, M and Kluyver, M and Lansen, AJ and Kluskens, R},
  booktitle={Jubilee
  Conference Proceedings, NCK-Days 2012: Crossing Borders in Coastal
  Research},
  location={Enschede, Nederland},
  organization={University of Twente},
  year={2012}
}

@article{visser2003,
 author = {Visser, Willem and Havelund, Klaus and Brat, Guillaume and Park, Seungjoon and Lerda, Flavio},
 title = {Model Checking Programs},
 journal = {Automated Software Engg.},
 issue_date = {April 2003},
 volume = {10},
 number = {2},
 month = apr,
 year = {2003},
 issn = {0928-8910},
 pages = {203--232},
 numpages = {30},
 url = {https://doi.org/10.1023/A:1022920129859},
 doi = {10.1023/A:1022920129859},
 acmid = {641186},
 publisher = {Kluwer Academic Publishers},
 address = {Hingham, MA, USA},
 keywords = {Java, abstraction, model checking, runtime analysis, static analysis, symmetry},
} 
                  
@article{wilson2006,
  title={Where's the real bottleneck in scientific computing?},
  author={Wilson, Gregory V},
  journal={American Scientist},
  volume={94},
  number={1},
  pages={5},
  year={2006}
}

@article{woodcock2009,
  title={Formal methods: Practice and experience},
  author={Woodcock, Jim and Larsen, Peter Gorm and Bicarregui, Juan and Fitzgerald, John},
  journal={ACM Computing Surveys (CSUR)},
  volume={41},
  number={4},
  pages={19},
  year={2009},
  publisher={ACM}
}
                  
@book{zienkiewicz2013xx,
  title={The Finite Element Method: Its Basis and Fundamentals},
  author={Zienkiewicz, Olgierd Cecil and Taylor, Robert Leroy and Zhu, J Z},
  year={2013},
  publisher={Elsevier, Incorporated}
}

@book{zienkiewicz2013,
  title={The Finite Element Method for Fluid Dynamics},
  author={Zienkiewicz, Olgierd Cecil and Taylor, Robert Leroy and Nithiarasu, P},
  edition={7th},
  year={2013},
  publisher={Butterworth-Heinemann, Oxford, UK}
}

