@inproceedings{alloy*,
  author={A. {Milicevic} and J. P. {Near} and E. {Kang} and D. {Jackson}},
  booktitle={2015 IEEE/ACM 37th IEEE International Conference on Software Engineering},
  title={Alloy*: A General-Purpose Higher-Order Relational Constraint Solver},
  year={2015},
  volume={1},
  number={},
  pages={609-619},
  keywords={constraint handling;general-purpose higher-order relational constraint solver;software analysis;runtime analysis;first-order solver;domain-specific algorithm;Kodkod model;relational logic;Alloy Analyzer engine;Metals;Syntactics;Semantics;Data structures;Boolean functions;Concrete;Engines;alloy;constraint solving;higher-order},
  doi={10.1109/ICSE.2015.77},
  ISSN={0270-5257},
  month={May}
}

@article{arnold,
  author = {Arnold, Gilad and Hölzl, Johannes and Sinan Köksal, Ali and Bodik, Rastislav and Sagiv, Mooly},
  year = {2010},
  month = {09},
  pages = {249-260},
  title = {Specifying and Verifying Sparse Matrix Codes},
  volume = {45},
  isbn = {978-1-60558-794-3},
  journal = {ACM SIGPLAN Notices},
  doi = {10.1145/1932681.1863581}
}

@book{bai,
 author = {Demmel, James and Dongarra, Jack and Ruhe, Axel and van der Vorst, Henk},
 editor = {Bai, Zhaojun},
 title = {Templates for the Solution of Algebraic Eigenvalue Problems: A Practical Guide},
 year = {2000},
 isbn = {0-89871-471-0},
 publisher = {Society for Industrial and Applied Mathematics},
 address = {Philadelphia, PA, USA},
}

@article{bik1995,
  title = "Advanced Compiler Optimizations for Sparse Computations",
  journal = "Journal of Parallel and Distributed Computing",
  volume = "31",
  number = "1",
  pages = "14 - 24",
  year = "1995",
  issn = "0743-7315",
  doi = "https://doi.org/10.1006/jpdc.1995.1141",
  url = "http://www.sciencedirect.com/science/article/pii/S0743731585711410",
  author = "A.J.C. Bik and H.A.G. Wijshoff"
}

@article{bik1996,
  author = {A. J. C. {Bik} and H. A. G. {Wijshoff}},
  journal = {IEEE Transactions on Parallel and Distributed Systems},
  title = {Automatic data structure selection and transformation for sparse matrix computations},
  year = {1996},
  volume = {7},
  number = {2},
  pages = {109-126},
  keywords = {data structures;sparse matrices;optimising compilers;data structure selection;sparse matrix computations;compiler optimization;sparse programs;complexity;sparse computations;Data structures;Sparse matrices;Optimizing compilers;Program processors;Delay;Programming profession;Bandwidth;Computer science;Runtime},
  doi = {10.1109/71.485501},
  ISSN = {1045-9219},
  month = {Feb},
}

@misc{eigenweb2010,
  author = {Ga\"{e}l Guennebaud and Beno\^{i}t Jacob and others},
  title = {Eigen v3},
  howpublished = {http://eigen.tuxfamily.org},
  year = {2010}
}

@inproceedings{kotlyar1997,
  author="Kotlyar, Vladimir
  and Pingali, Keshav
  and Stodghill, Paul",
  editor="Lengauer, Christian
  and Griebl, Martin
  and Gorlatch, Sergei",
  title="A relational approach to the compilation of sparse matrix programs",
  booktitle="Euro-Par'97 Parallel Processing",
  year="1997",
  publisher="Springer Berlin Heidelberg",
  address="Berlin, Heidelberg",
  pages="318--327",
  isbn="978-3-540-69549-3"
}

@inproceedings{merrill,
  author={D. {Merrill} and M. {Garland}},
  booktitle={SC '16: Proceedings of the International Conference for High Performance Computing, Networking, Storage and Analysis},
  title={Merge-Based Parallel Sparse Matrix-Vector Multiplication},
  year={2016},
  volume={},
  number={},
  pages={678-689},
  keywords={distributed memory systems;matrix decomposition;matrix multiplication;parallel algorithms;sparse matrices;vector processor systems;merge-based parallel sparse matrix-vector multiplication;parallel computation;sparse matrix-vector products;SpMV;compressed sparse row;2D merge-based decomposition;recursive partitioning;CSR datasets;multiscale environments;distributed environments;NUMA environments;GPU environments;fixed-size local memories;CPU microarchitectures;GPU microarchitectures;many-core processor;Sparse matrices;Graphics processing units;Runtime;Encoding;Matrix decomposition;Parallel processing;Partitioning algorithms;SpMV;sparse matrix;parallel merge;merge-path;many-core;GPU;linear algebra},
  doi={10.1109/SC.2016.57},
  ISSN={2167-4337},
  month={Nov}
}

@misc{petsc2019,
  author = {Satish Balay and Shrirang Abhyankar and Mark~F. Adams and Jed Brown and Peter Brune and Kris Buschelman and Lisandro Dalcin and Alp Dener and VictorEijkhout and William~D. Gropp and Dmitry Karpeyev and Dinesh Kaushik and Matthew~G. Knepley and Dave~A. May and Lois Curfman McInnes and Richard Tran Mills and Todd Munson and Karl Rupp and Patrick Sanan and Barry~F. Smith and Stefano Zampini and Hong Zhang and Hong Zhang}, 
  title = {{PETS}c {W}eb page}, 
  url = {https://www.mcs.anl.gov/petsc}, 
  howpublished = {\url{https://www.mcs.anl.gov/petsc}}, 
  year = {2019} 
}

@misc{scipy,
  author = {Eric Jones and Travis Oliphant and Pearu Peterson and others},
  title = {{SciPy}: Open source scientific tools for {Python}},
  year = {2001--},
  url = "http://www.scipy.org/"
}

@MISC{sparsekit,
  author = {Youcef Saad},
  title = {SPARSKIT: a basic tool kit for sparse matrix computations - Version 2},
  year = {1994}
}

@book{woodcock1996,
  author = {Woodcock, Jim},
  title = {Using Z : specification, refinement, and proof},
  publisher = {Prentice Hall},
  year = {1996},
  address = {London New York},
  isbn = {9780139484728}
}